@inproceedings{3dgan,
    title={Learning a probabilistic latent space of object shapes via 3d        generative-adversarial modeling},
    author={Wu, J. and Zhang, C. and Xue, T. and Freeman, W. T. and Tenenbaum, J. B},
    booktitle={Advances in Neural Information Processing Systems},
    pages={82--90},
    year={2016}
}

@inproceedings{GAN,
    title={Generative Adversarial Networks},
    author={Goodfellow, I.J. and Pouget-Abadie, J. and Mirza, M. and Xu, B. and Warde-Farley, D. and Ozair, S. and Courville, A. and Bengio, Y.}
}

@misc{perceptron,
    title = {What is Perceptron: A Beginners Guide for Perceptron}, 
    howpublished = {https://www.simplilearn.com/tutorials/deep-learning-tutorial/perceptron},
    note = {datum posljednjeg pristupa: 22.06.2021.}
}

@misc{Tipovi,
    author    = {Packt Editorial Staff},
    title     = {3 different types of generative adversarial networks (GANs) and how they work},
    howpublished = "\url{https://hub.packtpub.com/3-different-types-of-generative-adversarial-networks-gans-and-how-they-work/}",
    note = {datum posljednjeg pristupa: 20.06.2021.}
}
@misc{Style,
    author = {Shhibsankar Das},
    title = {6 GAN Architectures You Really Should Know},
    howpublished = "\url{https://neptune.ai/blog/6-gan-architectures}",
    note = {datum posljednjeg pristupa: 20.06.2021.}
}

@misc{3dgan1,
    author = {Kailash Ahirwar},
    title = {Generative Adversarial Networks Projects},
    howpublished = "\url{https://learning.oreilly.com/library/view/generative-adversarial-networks/9781789136678/ab27e184-082e-4079-9c6c-82b3234df12b.xhtml}",
    note = {datum posljednjeg pristupa: 20.06.2021.}
}

@misc{3dgan_all,
    author = {Vito Gentile},
    title = {Generative AI: creating objects with machine learning},
    howpublished = "\url{https://www.codemotion.com/magazine/dev-hub/machine-learning-dev/generative-ai-creating-objects-with-machine-learning/}",
    note = {datum posljednjeg pristupa: 22.06.2021.}

}

@misc{3dgan_home,
    author = {Wu, J. and Zhang, C. and Xue, T. and Freeman, W. T. and Tenenbaum, J. B},
    title = {Learning a Probabilistic Latent Space of Object Shapes
    via 3D Generative-Adversarial Modeling},
    howpublished = "url{http://3dgan.csail.mit.edu/}",
}

@manual{Python,
    author = {Dave Kuhlman},
    title = {A Python Book: Beginning Python, Advanced Python, and Python Exercises},
    howpublished = "\url{https://web.archive.org/web/20120623165941/http://cutter.rexx.com/~dkuhlman/python_book_01.html}",
    note = {datum posljednjeg pristupa: 21.06.2021.}
}

@misc{Pytorch_article,
    author = {Serdar Yegulalp},
    title = {Facebook brings GPU-powered machine learning to Python},
    howpublished = "\url{https://www.infoworld.com/article/3159120/facebook-brings-gpu-powered-machine-learning-to-python.html}",
    note = {datum posljednjeg pristupa: 21.06.2021.}
}

@misc{matplotlib,
    author = {John D. Hunter},
    howpublished = "\url{https://matplotlib.org/stable/users/history.html}",
    note = {datum posljednjeg pristupa: 21.06.2021.}
}

@misc{numpy,
    title = {What is NumPy?},
    howpublished = "\url{https://numpy.org/doc/stable/user/whatisnumpy.html}",
    note = {datum posljednjeg pristupa: 21.06.2021.}
}

@misc{visdom,
    author = {FOSSASIA},
    title = {visdom},
    howpublished = "\url{https://github.com/fossasia/visdom}",
    note = {datum posljednjeg pristupa: 21.06.2021.}
}

@misc{modelNet,
    title = {Princeton ModelNet},
    howpublished = "\url{https://modelnet.cs.princeton.edu/}",
    note = {datum posljednjeg pristupa: 23.06.2021.}
}

@Book{knjiga,
  author = 	 {John D. Kelleher},
  title = 	 {Duboko uƒçenje},
  publisher = 	 {MATE d.o.o., Zagreb},
  year = 	 {2019}
}

@misc{slika1,
    howpublished = "\url{https://twitter.com/tadax6/status/923715146580598784}",
    note = {datum posljednjeg pristupa: 22.06.2021.}
}

@misc{slika2,
    author = {Jason Brownlee},
    title = {18 Impressive Applications of Generative Adversarial Networks (GANs)},
    howpublished = "\url{https://machinelearningmastery.com/impressive-applications-of-generative-adversarial-networks/}",
    note = {datum posljednjeg pristupa: 22.06.2021.}
}

@misc{ReLU,
    author = {Ansh David},
    title = {Single Layer Perceptron and Activation Function},
    howpublished = "\url{https://anshdaviddev.com/2020/04/14/slp-activation-function/}",
    note = {datum posljednjeg pristupa: 20.06.2021.}
}

@misc{simple,
  author = {Huang, X.},
  title = {simple-pytorch-3dgan},
  year = {2021},
  publisher = {GitHub},
  journal = {GitHub repository},
  howpublished = {\url{https://github.com/xchhuang/simple-pytorch-3dgan}},
  commit = {927360a1c7a748aadac3ade6cdbc9251f39ffedb},
  note = {datum posljednjeg pristupa: 24.06.2021.}
}
